3406 5366
268 600 336 646 CAP.
351 596 379 643 X.
588 601 633 652 DE
653 599 937 652 UNIVERSALIBUS.

268 764 324 822 “in
356 783 392 822 eo
425 763 507 839 quod
540 762 634 838 quid‘'
664 763 703 820 ad
733 760 865 838 primum
898 779 1031 831 sensum,
1064 760 1181 819 videtur
1208 761 1259 818 illa

270 851 436 926 descripcio
460 849 571 926 speciei
595 850 747 908 sufficere:
773 849 916 925 “Species
941 861 984 907 est
1008 866 1065 925 que
1087 849 1259 924 predicatur

270 941 307 996 de
331 939 466 1014 pluribus
490 936 697 995 differentibus
721 955 848 994 numero
872 938 902 994 in
925 955 960 994 eo
984 938 1065 1011 quod
1082 934 1155 1010 quid
1179 934 1257 992 est.'‘

269 1029 331 1084 Nec
355 1023 524 1100 descripcio
556 1025 625 1082 talis
660 1043 763 1082 sensus
787 1036 971 1099 competeret
1002 1022 1105 1098 generi
1134 1040 1258 1096 genera-

247 1113 395 1184 5lissim0‚
424 1131 491 1170 cum
515 1110 583 1169 talis
606 1131 668 1170 uon
691 1113 785 1186 possit
808 1109 959 1186 predicari
986 1123 1020 1167 ut
1049 1109 1181 1185 quiditas
1204 1127 1259 1185 per

272 1219 303 1258 se
326 1213 418 1271 stans,
441 1201 494 1257 sed
518 1199 616 1256 solum
640 1212 674 1256 ut
697 1201 846 1256 substans.

316 1290 352 1344 Et
382 1289 494 1362 species
524 1285 666 1344 dividitur
689 1285 762 1344 satis
789 1286 821 1342 in
849 1284 980 1360 speciem
1008 1282 1259 1360 specialissimam
1293 1294 1345 1338 itis
1360 1295 1453 1338 divided

274 1389 301 1432 et
325 1375 541 1435 subalternam.
574 1376 610 1430 Et
633 1372 749 1448 species
772 1372 989 1447 specialissima
1013 1383 1136 1447 estque
1159 1369 1259 1446 predi·
1296 1349 1449 1454 sffetgffnffi

273 1475 357 1519 catur
378 1463 408 1517 in
433 1480 469 1519 eo
492 1462 573 1536 quod
597 1460 670 1536 quid
695 1473 738 1518 est
755 1461 791 1517 de
811 1461 881 1517 solis
898 1479 1024 1517 numero
1041 1457 1258 1529 differentibus,
1276 1453 1349 1548 ’Ἓξ
1366 1452 1471 1547 offerrui.

233 1548 468 1622 inintelligendo
500 1550 582 1623 quod
624 1547 775 1626 Iy‘soiis'
808 1547 889 1604 dicat
925 1565 1045 1604 sensum
1080 1545 1258 1604 exclusivum
1279 1555 1470 1618 comprisingnno

490 1635 496 1646 .
530 1635 536 1646 .
854 1635 859 1644 .
1288 1608 1356 1651 other
1370 1620 1459 1663 spectes

274 1650 301 1692 et
325 1655 385 1692 non
411 1637 574 1710 sophistice
598 1636 750 1692 exclusum
776 1629 996 1714 predicatum.i
1291 1662 1366 1704 under
1378 1663 1403 1715 η,
1420 1661 1459 1704 but

1300 1714 1450 1809 tndi‘iiiyuats.
