3370 5360
767 540 937 590 JOHANNIS
956 541 1104 594 WYCLIF.
1300 538 1368 583 CAP.
1387 539 1417 584 V.

432 701 559 759 firmiter
597 702 759 760 tenendum
800 713 828 758 et
860 701 944 758 valde
977 701 1144 759 timendum
1180 703 1261 776 quod
1293 700 1419 776 quilibet

220 801 259 843 the
274 800 351 843 axiom
367 801 416 842 unu
432 788 563 846 finaliter
596 790 692 848 malus
726 801 872 864 perpetuo
905 788 1131 864 dampnabitur.
1171 788 1264 864 Igitur
1292 807 1347 846 nec
1375 802 1419 846 est

222 853 415 959 E,·}“,{,b⁶j¹,{⁸1¹¹1¹g⁶
434 875 604 934 firmissime
640 878 805 934 tenendum
839 889 868 934 et
900 877 1072 934 nullatenus
1102 874 1302 933 dubitandum
1336 876 1418 952 quod

289 958 351 1011 θοᾶν
432 981 538 1020 omnes
570 963 622 1040 qui
656 976 737 1021 extra
771 962 928 1022 ecclesiam
960 962 1144 1021 katholicam
1174 964 1324 1021 decedunt
1352 983 1419 1039 per·

433 1063 525 1125 petuo
548 1053 809 1126 dampnabuntur;
836 1063 865 1108 et
880 1069 936 1108 nec
953 1064 1030 1108 esset
1047 1051 1160 1108 iustum
1176 1069 1274 1125 neque
1292 1050 1444 1126 dignum5

434 1140 525 1212 quod,
559 1138 707 1213 “quilibet
735 1139 827 1195 homo
852 1150 895 1195 est
919 1140 973 1195 sub
997 1150 1146 1213 potestate
1170 1137 1252 1211 dei'’,
1287 1156 1343 1198 nec
1375 1151 1419 1194 est

434 1225 547 1283 iustum
572 1245 670 1301 neque
694 1225 817 1300 dignum
842 1227 924 1301 quod
949 1225 1071 1284 “omnis
1095 1239 1233 1284 creatura
1257 1223 1296 1282 sit
1319 1225 1420 1282 subia-

234 1343 273 1382 tue
288 1341 367 1384 words
382 1341 409 1383 ,f
434 1332 503 1370 cens
535 1313 583 1370 dei
615 1311 778 1388 imperi0”.
819 1315 855 1369 Et
888 1311 931 1370 sic
964 1311 1059 1370 eciam
1083 1311 1182 1370 omnis
1206 1312 1281 1370 falso
1306 1311 1420 1369 iuraret

231 1392 377 1488 'hihfg‘ffi
391 1393 413 1436 ᾗ]
434 1419 451 1456 α
473 1400 563 1458 simili
588 1399 619 1456 in
648 1399 821 1475 prefacione
845 1414 948 1475 aperte
972 1413 1000 1457 et
1024 1399 1174 1475 quottidie
1197 1412 1323 1457 cantans
1346 1399 1418 1475 quia

379 1478 385 1500 ’
436 1488 525 1545 “vere
549 1487 673 1561 dignum
699 1499 727 1544 et
744 1485 854 1544 iustum
873 1499 926 1558 est,
951 1506 1061 1562 equum
1084 1500 1112 1545 et
1128 1487 1269 1558 salutare,
1293 1506 1348 1544 nos
1364 1486 1419 1544 tibi
1433 1507 1463 1540 ro

434 1592 553 1648 semper
580 1587 609 1631 et
632 1573 744 1649 ubique
777 1573 894 1648 gracias
918 1593 1015 1651 agere,
1040 1573 1163 1631 domine
1186 1586 1298 1648 sancte,
1333 1586 1420 1649 pater

434 1660 627 1736 omnipotens
659 1673 761 1718 eterne
794 1661 902 1732 deus'’,
936 1680 1004 1718 cum
1038 1681 1098 1719 non
1132 1675 1208 1718 esset
1241 1660 1365 1736 dignum
1391 1674 1420 1718 et

434 1749 556 1822 iustum,
577 1743 581 1828 Ι
602 1747 674 1823 quia
697 1748 813 1805 nullum
839 1747 988 1822 singulare
1012 1749 1123 1806 iustum
1146 1761 1190 1805 est
1206 1748 1284 1806 “nos
1301 1767 1421 1823 semper
1454 1758 1520 1816 204·

435 1848 464 1892 et
487 1835 621 1910 ubique’'
647 1853 735 1910 agere
759 1835 876 1909 gracias
900 1848 1003 1892 eterno
1028 1835 1106 1910 patri
1130 1835 1344 1910 omnipotenti,
1367 1837 1419 1893 sed

435 1942 496 1979 non
529 1941 690 1980 commune
724 1921 835 1980 iustum
867 1935 910 1979 est
938 1923 1114 1980 universalis
1138 1922 1310 1996 graciarum
1334 1921 1462 1980 acriori

256 2040 294 2082 th,
308 2040 352 2081 1³„
367 2039 393 2081 ,f
435 2029 554 2084 semper
586 2023 615 2067 et
638 2009 750 2084 ubique
774 2009 910 2068 existens.
935 2009 1039 2068 Eciam
1064 2009 1200 2085 queritur
1224 2029 1282 2084 que
1306 2029 1352 2068 res
1376 2023 1420 2070 est

224 2092 365 2188 atrilii?
373 2156 401 2186 an
405 2143 418 2186 d
436 2110 583 2154 statutum
602 2095 736 2167 ecclesie,
754 2095 903 2173 videlicet,
925 2099 1005 2171 quod
1024 2096 1146 2154 “omnis
1162 2096 1319 2173 utriusque
1334 2116 1420 2154 sexus

243 2178 404 2249 communion,
437 2184 530 2241 semel
553 2183 584 2239 in
617 2203 696 2242 anno
729 2183 911 2241 confiteatur
944 2183 1024 2241 circa
1057 2185 1165 2241 festum
1199 2185 1343 2259 pasche’‘.
1383 2189 1420 2242 Et

437 2270 573 2346 queritur
597 2290 614 2328 a
637 2270 815 2344 negantibus
839 2270 1015 2328 communia
1039 2284 1160 2340 statuta,
1185 2271 1261 2328 sicut
1286 2284 1314 2329 et
1338 2291 1420 2329 com-

438 2377 542 2415 munes
566 2377 612 2415 res
629 2357 660 2415 in
677 2357 812 2432 pluribus
830 2378 883 2433 per
897 2364 1020 2415 modum
1039 2359 1143 2436 forme,
1164 2376 1223 2433 que
1239 2378 1287 2416 res
1303 2372 1347 2416 est
1363 2359 1420 2416 hoc
1432 2378 1464 2411 20

241 2461 367 2524 obedience
380 2466 404 2501 ro
437 2458 595 2517 statutum,
619 2444 721 2519 gracia
737 2445 875 2520 exempli,
899 2447 981 2520 quod
998 2444 1125 2520 quilibet
1141 2445 1312 2520 ingrediens
1328 2447 1421 2503 sacul-

231 2512 414 2620 ¹hepfflssss¹l¹1yfff³
436 2545 529 2589 tatem
554 2534 643 2590 debet
666 2531 768 2588 iurare
789 2531 999 2590 obedienciam
1024 2535 1153 2608 decan03
1178 2547 1206 2590 et
1229 2532 1271 2590 sic
1295 2535 1331 2592 de
1355 2533 1421 2592 aliis

437 2619 564 2680 statutis.
593 2623 630 2677 Et
654 2619 797 2694 queritur·
814 2619 838 2676 si
861 2633 1005 2694 negantes
1029 2619 1203 2678 communia
1227 2622 1307 2678 bona
1330 2623 1421 2678 aude·

220 2724 265 2766 and
286 2722 370 2782 should
386 2733 426 2778 say
438 2720 503 2764 rent
527 2706 627 2765 dicere
652 2724 754 2763 coram
779 2725 848 2780 rege
872 2706 1027 2764 assertive:
1052 2707 1146 2779 “Rex‚
1170 2727 1233 2765 non
1250 2721 1294 2764 est
1310 2707 1422 2765 iustum

239 2774 406 2871 [ᾗζῐῐῗζθᾚ
436 2813 491 2851 nec
515 2793 639 2868 dignum
664 2796 747 2869 quod
771 2793 898 2868 quilibet
921 2793 1050 2850 rusticus
1074 2791 1110 2850 de
1134 2813 1227 2870 regno
1244 2807 1297 2852 tuo
1314 2795 1352 2852 sit
1368 2797 1465 2852 subri

240 2881 403 2975 iiriiiroieiitiq
436 2895 487 2939 tua
505 2895 651 2956 potestate
668 2884 722 2938 sub
740 2894 792 2937 tuo
810 2880 954 2953 dominio,
973 2881 1018 2937 vel
1035 2883 1090 2937 sub
1107 2895 1159 2938 tua
1175 2884 1388 2940 rurrsdrccrone
1415 2927 1423 2953 ,

246 2985 360 3038 subjects;
377 2986 404 3027 ue
438 2989 506 3026 curu
532 2982 634 3026 tamen
658 2969 823 3025 secundum
848 2980 993 3042 negantes
1017 2970 1097 3025 bona
1114 2969 1288 3026 communia
1305 2969 1343 3026 sit
1366 2970 1434 3028 hoc.

239 3037 405 3144 §Jffyu'ssmffveal'l
437 3075 540 3113 verum
566 3068 594 3112 et
627 3055 754 3114 firmiter
786 3053 947 3112 dicendum
981 3054 1011 3111 in
1043 3057 1142 3113 forma
1166 3055 1299 3133 propria.
1339 3060 1423 3123 ltem,

260 3147 412 3236 „Cscfflldssffergm
438 3157 509 3200 tunc
531 3142 686 3200 christiani
715 3161 767 3217 per
793 3143 939 3198 mundum
963 3141 1091 3217 dispersi
1114 3163 1175 3200 non
1200 3146 1343 3201 deberent
1366 3144 1423 3200 hoc

238 3207 280 3248 ¹³¹⁰
293 3209 354 3288 Gkod.
439 3229 564 3286 firmiter
582 3242 694 3298 tenere,
719 3231 801 3304 quod
817 3228 973 3305 “quelibet
989 3242 1128 3288 creatura
1145 3243 1189 3288 est
1204 3250 1220 3288 a
1237 3231 1328 3299 deo'‘,
1352 3230 1423 3306 quia
1435 3235 1469 3284 30

436 3316 460 3374 si
485 3315 527 3373 sic
551 3316 686 3391 queritur
709 3316 782 3391 quld
805 3335 859 3390 per
882 3317 917 3396 ly
939 3318 992 3374 hoc
1015 3319 1254 3393 demonstretur,
1273 3337 1335 3374 non
1356 3337 1425 3392 pro·

436 3402 552 3477 posicio
585 3403 697 3478 aliqua,
731 3402 802 3478 quia
837 3403 951 3460 nullam
985 3405 1076 3460 talem
1107 3416 1229 3478 oportet
1258 3404 1424 3462 Cristianos

438 3509 491 3564 per
522 3489 694 3547 universum
721 3491 868 3548 mundum
885 3491 1015 3562 «habere,
1048 3510 1103 3548 nec
1126 3490 1250 3566 aliquod
1272 3491 1425 3566 singulare

438 3577 566 3652 simplex
593 3579 639 3635 vel
667 3590 874 3653 aggregatum,
908 3580 989 3653 quod
1018 3591 1095 3635 esset
1123 3578 1314 3654 “quamlibet
1342 3597 1425 3637 crea·

437 3679 538 3722 turam
564 3683 628 3722 esse
652 3685 669 3722 a
691 3665 787 3738 de0”;
811 3664 836 3721 si
853 3666 1040 3723 demonstrat
1056 3685 1249 3724 communem
1265 3665 1423 3724 veritatem
1436 3666 1468 3718 35

439 3752 607 3810 formaliter
629 3751 660 3808 in
684 3753 767 3809 omni
792 3766 928 3809 creature
953 3752 1095 3811 existente
1119 3755 1247 3813 habetur
1262 3753 1423 3812 intentum.

235 3843 420 3905 Hamusrdenp
483 3844 567 3911 Item,
597 3838 674 3896 sicut
699 3839 773 3897 fides
797 3839 947 3897 katholica
972 3853 1015 3897 est
1040 3843 1121 3915 quod
1145 3842 1308 3900 adventum
1333 3840 1424 3899 Cristi

230 3898 419 3994 fiii¹r⁵isiia¹i⁰¹f⁰arii
439 3929 477 3984 ad
516 3927 605 3984 finale
637 3925 783 3984 iudicium
816 3946 920 3985 omnes
952 3925 1092 3986 homines
1124 3947 1280 4002 resurgere
1312 3929 1425 3987 habent

253 4006 302 4046 ΠΜ(
316 4003 401 4063 every)
439 4034 507 4071 cum
533 4014 711 4088 corporibus
727 4014 797 4085 suis,
822 4014 864 4071 ita
880 4027 924 4071 est
941 4015 1014 4072 fides
1031 4015 1184 4073 katholica
1200 4017 1282 4091 quod
1298 4014 1425 4091 quilibet

230 4068 284 4098 mall
300 4062 362 4098 must
377 4067 422 4097 rlse

228 4109 363 4169 agaimfor
376 4107 423 4150 this
439 4103 531 4158 homo
564 4119 718 4174 resurgere
751 4104 841 4161 habet
874 4121 942 4158 cum
977 4120 1104 4177 corpore
1132 4122 1187 4159 suo
1223 4101 1254 4160 in
1292 4104 1469 4164 adventu40

235 4167 416 4256 ¹20i¹12²030¹ff¹2s1⁹
440 4187 530 4245 Cristi
554 4191 592 4246 ad
615 4188 772 4246 iudicium.
803 4187 947 4260 Queritur
971 4207 1041 4263 ergo
1058 4208 1116 4264 que
1133 4209 1179 4247 res
1196 4203 1298 4266 etque
1314 4189 1424 4248 veritas

239 4266 415 4372 prgasssffifffns
440 4288 484 4334 est
517 4275 573 4334 ista
597 4275 672 4333 fides
696 4275 858 4349 lratholica,
891 4295 949 4351 que
973 4293 1017 4334 est
1050 4275 1240 4352 “quemlibet
1268 4275 1423 4335 hominem

240 4371 286 4422 “A,
303 4371 329 4422 Β,
344 4370 415 4430 C···
441 4365 551 4421 habere
580 4381 736 4440 resurgere
760 4383 828 4421 cum
853 4383 1060 4439 suocorpore
1084 4366 1122 4420 ad
1146 4367 1309 4432 adventum
1334 4362 1424 4424 Cristi

265 4428 388 4528 Ὕὲῗῑῆἶνῗε
439 4450 471 4506 in
495 4449 682 4507 iudicium?''
707 4455 775 4508 Non
799 4465 843 4510 est
867 4451 967 4526 aliqua
993 4450 1166 4526 proposicio
1190 4451 1220 4508 in
1246 4465 1355 4529 mente,
1378 4451 1425 4509 vel
