3406 5366
321 535 388 577 CAP.
403 533 442 577 Ill.
643 535 689 586 DE
708 535 992 590 UNIVERSALlBUS.

322 701 388 759 liter
405 697 542 774 pluribus
563 697 755 770 substanciis,
780 696 891 756 dicitur
911 687 1083 757 communis
1107 717 1160 774 per
1185 703 1309 758 modum

324 786 457 858 materie,
487 799 515 842 et
543 797 588 843 est
615 797 649 842 ut
672 798 767 843 totum
792 785 824 842 in
848 788 948 847 modo.
987 788 1046 844 Sed
1070 788 1310 846 substancialitas

322 873 422 952 primo
440 875 531 930 modo
549 871 640 949 dicta,
660 886 693 929 ut
711 886 805 930 totum
824 873 1002 944 universale,
1024 887 1053 931 et
1069 875 1311 933 substancialitas

323 961 493 1022 communis
526 965 562 1018 2⁰
589 971 633 1016 est
664 979 786 1018 omnem
820 959 1108 1018 substancialitatem
1144 981 1208 1026 esse
1240 965 1309 1020 sub-

298 1049 562 1124 5stancialitatem,
595 1047 671 1104 sicut
704 1061 734 1104 et
761 1047 905 1105 dividitur
929 1048 960 1105 in
988 1067 1109 1106 omnem
1140 1062 1202 1107 tam
1228 1069 1311 1107 com-

324 1155 445 1194 munem
478 1154 570 1212 quam
603 1134 787 1208 singularem
820 1134 1122 1194 substancialitatem.
1162 1137 1212 1193 Sic
1240 1155 1311 1212 ergo

322 1225 440 1283 videtur
468 1225 550 1298 quod
576 1222 759 1296 humanitas,
792 1221 846 1279 etsi
871 1236 915 1280 est
943 1221 1125 1300 animalitas,
1158 1223 1244 1281 sicud
1266 1238 1311 1282 est

322 1309 575 1378 substancialitas,
600 1329 661 1367 non
686 1322 787 1366 tamen
811 1322 855 1366 est
878 1309 1047 1367 animalitas
1070 1310 1227 1383 generalis.
1252 1313 1311 1369 Sed

322 1400 423 1456 statim
462 1397 511 1454 hic
542 1396 680 1471 sequitur
718 1398 810 1472 quod,
852 1395 876 1452 si
915 1396 1018 1472 aliqua
1056 1397 1229 1455 humanitas
1267 1412 1311 1456 est

284 1485 506 1562 roanimalitas,
530 1498 602 1541 tunc
627 1485 797 1542 humanitas
821 1484 980 1558 singularis
1003 1497 1047 1541 est
1070 1484 1242 1542 animalitas
1259 1505 1312 1544 sua

323 1571 488 1648 singularis.
534 1574 571 1627 Et
609 1571 651 1629 sic
694 1571 725 1627 in
770 1570 928 1647 supposito
973 1573 1106 1628 humano
1152 1572 1311 1646 singularis

323 1659 493 1718 humanitas
521 1677 582 1715 non
607 1657 706 1714 differt
730 1659 850 1716 realiter
873 1661 910 1715 ab
938 1657 1127 1716 animalitate
1155 1659 1310 1733 singulari,

323 1766 382 1823 que
405 1761 481 1804 esset
504 1765 565 1802 una
584 1765 639 1802 sua
655 1765 724 1820 pars
741 1745 929 1823 quiditativa,
951 1759 979 1803 et
997 1745 1157 1818 singularis
1173 1745 1311 1804 raciona-

323 1835 391 1893 litas
424 1833 483 1891 alia
512 1852 590 1912 pars,
620 1847 647 1889 et
673 1852 733 1889 non
757 1846 820 1889 tota
843 1847 951 1890 natura
976 1832 1153 1907 quiditativa
1176 1833 1223 1890 vel
1247 1847 1311 1892 tota

283 1921 463 1997 15quiditas.

367 2012 493 2083 Propter
517 2009 598 2082 quod
621 2007 738 2064 videtur
761 2007 860 2065 verius
882 2009 1041 2065 dicendum
1058 2021 1101 2065 est
1116 2011 1208 2083 quod,
1232 2010 1309 2066 sicut

323 2095 456 2153 essencia
489 2107 533 2152 est
565 2113 704 2168 persona,
741 2108 770 2151 et
802 2109 927 2152 econtra
966 2094 1046 2166 (licet
1079 2094 1156 2152 inter
1189 2114 1238 2153 eas
1273 2096 1311 2153 sit
1348 2120 1503 2165 Conclusion:

324 2181 497 2240 differencia
526 2181 660 2239 formalis
683 2181 825 2256 racionis,
854 2182 914 2239 sive
939 2182 1077 2252 modalis)
1106 2183 1148 2240 sic
1176 2183 1309 2258 quiditas

323 2269 546 2344 generalissima
581 2269 712 2326 hominis
745 2283 788 2326 est
826 2269 956 2345 quiditas
993 2270 1165 2327 subalterna
1205 2284 1233 2326 et
1266 2284 1309 2328 est

281 2357 455 2433 roquiditas
493 2355 719 2430 specialissima,
759 2369 802 2413 est
840 2357 971 2431 quiditas
1007 2356 1162 2414 individua
1200 2370 1228 2414 et
1266 2372 1310 2415 est

324 2445 451 2521 qualitas
475 2444 646 2502 essencialis
671 2443 811 2516 hominis,
836 2444 905 2501 licet
929 2444 1060 2518 quiditas
1084 2444 1309 2518 generalissima

323 2532 360 2590 sit
392 2531 523 2606 amplior
561 2530 821 2605 perfeccionaliter
859 2537 898 2601 (et
930 2532 973 2587 sic
1006 2531 1090 2606 prior
1121 2532 1308 2602 naturaliter)

323 2639 413 2694 quam
447 2617 579 2693 quiditas
602 2619 784 2692 subalterna,
817 2617 1044 2692 specialissima,
1075 2620 1119 2676 vel
1144 2618 1307 2676 individua.

323 2710 360 2764 Et
382 2706 460 2764 sicut
483 2719 527 2762 est
543 2705 726 2774 differencia,
750 2723 811 2761 non
830 2705 918 2762 realis
936 2708 987 2763 sed
1004 2706 1140 2776 modalis,
1163 2706 1309 2779 formalis,
1357 2730 1407 2774 that
1421 2732 1488 2775 those

281 2799 375 2850 25seu
399 2792 539 2862 racionis,
568 2791 722 2867 quiditatis
751 2791 914 2866 superioris
942 2811 959 2848 a
983 2792 1129 2867 qualitate
1152 2792 1308 2849 essentiali
1350 2781 1494 2838 dirimerem,

323 2881 519 2939 contrahente
552 2879 648 2953 ipsam
681 2878 860 2954 quiditatem
890 2878 1086 2952 superiorem,
1121 2893 1149 2935 et
1173 2898 1190 2935 a
1214 2878 1308 2955 quidi·
1337 2834 1508 2944 riiiiiriiriiy

321 2981 382 3025 tate
414 2965 557 3037 inferiori,
591 2965 633 3023 sic
661 2968 754 3025 eciam
779 2965 896 3022 videtur
924 2985 985 3022 non
1008 2965 1097 3023 realis
1122 2965 1308 3041 composicio
1318 2938 1526 3046 iiiiiirbi‘iifnii'c

322 3054 439 3129 generis
468 3056 506 3111 ad
535 3053 751 3124 differenciam,
781 3070 837 3109 nec
869 3051 957 3109 realis
981 3052 1167 3128 composicio
1197 3052 1307 3128 speciei
1356 3051 1487 3151 {ffiglsseff

323 3161 356 3199 ex
384 3159 492 3215 genere
517 3153 545 3196 et
567 3139 750 3212 differencia,
784 3143 833 3196 sed
864 3139 1049 3215 composicio
1073 3140 1218 3214 formalis,
1244 3159 1308 3197 mo·
1480 3134 1486 3145 '

280 3229 408 3306 lodalis,
435 3247 487 3285 seu
514 3233 557 3286 2m
581 3227 752 3299 racionem3
785 3227 855 3285 licet
881 3227 932 3284 illa
961 3227 1148 3302 composicio
1177 3228 1307 3286 racionis

323 3316 360 3374 sit
381 3334 447 3374 vere
472 3328 500 3372 et
523 3333 592 3373 vera
617 3332 634 3371 a
658 3327 744 3388 parte
768 3313 809 3370 rei
834 3313 1029 3388 composicio,
1054 3311 1306 3397 circumscripto)

229 3407 291 3476 217l
322 3420 513 3479 quocumque
557 3414 625 3459 actu
669 3402 839 3459 intellectus
877 3404 979 3476 creati,
1019 3401 1096 3459 sicut
1134 3401 1309 3461 differencia

322 3489 454 3548 racionis
492 3508 543 3546 seu
582 3488 718 3546 formalis
756 3488 887 3545 essencie
925 3507 941 3545 a
974 3489 1130 3563 supposito
1164 3503 1206 3546 est
1239 3509 1308 3546 vera

323 3590 351 3634 et
377 3595 446 3635 vere
474 3597 491 3634 a
519 3589 606 3651 parte
634 3576 678 3632 rei
706 3575 888 3633 differencia.
928 3577 964 3631 Et
992 3577 1042 3632 illa
1066 3575 1241 3634 differencia
1265 3591 1308 3635 est

280 3663 425 3732 35realis;
469 3677 499 3720 et
536 3663 586 3720 illa
626 3662 810 3737 composicio
848 3677 891 3719 est
929 3662 1026 3740 realis,
1064 3662 1134 3721 licet
1171 3683 1233 3720 non
1271 3665 1309 3721 sit

322 3750 496 3809 differencia
530 3750 628 3820 realis,
663 3770 718 3809 nec
754 3749 940 3823 composicio
974 3749 1025 3806 illa
1057 3751 1093 3807 sit
1122 3750 1308 3824 composicio

322 3837 424 3910 realis;
464 3838 541 3895 sicut
564 3837 674 3913 aliquis
698 3852 844 3912 tyrannus
868 3850 912 3895 est
936 3837 1043 3909 bonus,
1068 3836 1137 3893 licet
1161 3839 1222 3912 ipse
1246 3857 1307 3894 non

321 3925 358 3984 sit
380 3928 477 3984 bonus
501 3939 655 4000 tyrannus.

372 4093 409 4149 37.
424 4092 537 4150 tyrandus
551 4092 576 4146 (l)
591 4092 641 4135 MS.

372 4196 415 4246 31.
438 4182 506 4233 Vera
523 4186 635 4248 aparte
653 4183 701 4232 rei.
728 4181 794 4232 This
822 4182 843 4230 is
871 4179 923 4244 just
950 4180 993 4230 the
1023 4192 1092 4230 most
1118 4182 1309 4248 unintelligible
1396 4209 1400 4218 «

320 4254 394 4317 point
416 4254 442 4303 in
463 4254 537 4302 Duas
555 4251 656 4302 Scotus'
675 4251 789 4318 Theory.
818 4252 887 4299 How
910 4265 957 4300 can
977 4249 1022 4301 the
1041 4251 1135 4301 formal
1155 4252 1308 4302 differences

320 4323 441 4374 between
470 4323 604 4385 animality
631 4323 681 4371 and
708 4321 857 4386 rationality
880 4320 913 4369 be
935 4330 994 4371 true
1018 4337 1035 4371 a
1049 4324 1129 4386 parte
1146 4323 1194 4384 rei,
1223 4321 1245 4372 if
1263 4321 1307 4372 the

321 4402 374 4442 two
402 4407 448 4442 are
471 4401 518 4440 not
542 4391 661 4440 different
683 4388 789 4458 things?
818 4388 920 4455 wycut
940 4390 1030 4457 boldly
1056 4391 1147 4440 makes
1170 4389 1241 4440 them
1265 4407 1305 4445 so:

322 4462 397 4514 Duns
415 4464 509 4514 Scotus
526 4460 659 4512 hesitatcs.
