3406 5366
604 1311 853 1386 CAPITULUM
875 1312 1077 1387 'DECIMUM
1103 1313 1285 1388 PRIMUM.
1468 1332 1532 1376 221·

274 1482 295 1524 A
311 1480 403 1535 speciae
495 1466 676 1524 Differencia
699 1481 796 1525 nutem
822 1469 962 1543 specifica
990 1483 1034 1525 est
1061 1468 1225 1526 universale
1249 1467 1438 1543 predicatum

248 1532 432 1630 dgppppppceetgfa
452 1557 487 1612 de
510 1554 646 1629 pluribus
671 1556 700 1611 in
725 1573 760 1612 eo
784 1558 865 1630 quod
889 1557 977 1631 quale
1001 1555 1172 1615 essenciale.
1196 1557 1321 1613 Videtur
1337 1569 1438 1613 autem

276 1639 402 1732 ‘fiffisseig
451 1643 532 1716 quod
548 1643 655 1698 debeat
673 1642 741 1699 addi
758 1643 894 1718 ‘specie',
911 1656 943 1699 ut
958 1643 1090 1701 dicatur:
1108 1642 1280 1701 differencia
1297 1642 1439 1718 specifica

257 1742 384 1785 affirmante
397 1743 424 1786 ot
451 1743 495 1785 est
518 1746 576 1802 que
600 1729 774 1803 predicatur
798 1733 834 1788 de
858 1730 993 1805 pluribus
1017 1730 1222 1787 differentibus
1246 1732 1341 1807 speeie
1358 1731 1387 1786 in
1404 1745 1464 1796 eo5

257 1795 419 1891 ffighlflffifiss
451 1818 532 1890 quod
555 1817 643 1891 quale
672 1819 847 1890 essenciale3
876 1831 909 1874 ut
932 1817 1003 1874 dicit
1026 1818 1220 1892 Porphyrius.
1253 1821 1341 1889 Nam,
1371 1836 1439 1875 cum

285 1901 387 1943 tnktnd.
451 1903 625 1960 differencia
664 1903 806 1978 specifica
843 1903 880 1961 sit
917 1904 1086 1972 universale
1126 1908 1166 1975 (et
1203 1904 1247 1960 sic
1285 1905 1438 1980 quoddam

450 2009 612 2047 commune
644 1989 807 2048 essentiale
836 2005 973 2065 respectu
1001 1990 1121 2065 speciei,
1155 1992 1238 2048 sicud
1263 2005 1306 2048 est
1330 1991 1440 2048 consti-

449 2076 542 2133 tutiva
564 2077 683 2150 speciei)
708 2080 760 2135 sed
783 2077 859 2133 nihil
880 2092 923 2135 est
941 2097 1103 2135 commune
1120 2079 1284 2136 essenciale
1301 2092 1439 2153 respectu

449 2163 574 2221 alicuius
606 2163 663 2220 nisi
696 2164 751 2222 sibi
785 2178 813 2221 et
846 2165 897 2222 alii
935 2168 973 2222 ab
1011 2165 1064 2221 illo
1102 2165 1197 2239 possit
1236 2166 1440 2223 essencialiter
1452 2191 1484 2228 10

449 2249 678 2310 communicari.
712 2251 836 2308 Videtur
863 2253 961 2327 prima
994 2251 1070 2309 facie
1103 2252 1194 2326 igitur
1223 2255 1306 2328 quod
1338 2253 1438 2310 omnis

448 2356 519 2394 vera
542 2350 572 2394 et
595 2337 716 2413 proprie
740 2340 819 2396 dicta
841 2338 1017 2397 differencia
1033 2339 1174 2414 specifica
1191 2339 1229 2396 sit
1245 2340 1437 2415 predicabilis

449 2427 485 2482 de
508 2425 645 2500 pluribus
668 2425 768 2500 specie
791 2424 1008 2484 differentibus.

245 2521 282 2564 No
297 2534 370 2576 genus
384 2535 426 2566 can
493 2514 529 2568 Et
553 2512 596 2569 sic
619 2512 737 2569 videtur
760 2513 886 2570 ulterius
904 2515 986 2588 quod
1009 2515 1125 2570 nullum
1143 2534 1237 2589 genus
1254 2533 1322 2572 cum
1347 2514 1437 2571 unica

267 2574 405 2682 ififssigflfi}
449 2599 626 2657 differencia
658 2598 799 2674 specifica
832 2600 963 2674 aliquam
998 2620 1081 2658 suam
1116 2601 1247 2677 speciem
1286 2603 1480 2676 adequate15

244 2679 428 2785 iibiriiicyefiie
448 2687 620 2758 constituat,
645 2690 697 2744 sed
722 2701 841 2762 oportet
865 2687 962 2762 ipsum
979 2689 1091 2745 habere
1108 2688 1139 2745 in
1157 2689 1340 2746 adiutorium
1363 2691 1436 2746 duas

269 2790 333 2827 must
346 2785 404 2827 have
447 2786 499 2832 aut
521 2775 620 2849 plures
644 2774 833 2832 differencias
856 2775 1022 2849 specificas.
1061 2779 1098 2832 Et
1121 2789 1192 2833 tunc
1216 2777 1293 2833 forte
1315 2789 1437 2850 oportet

261 2838 408 2949 Qflssffl'is
446 2861 573 2920 ulterius
597 2862 656 2919 dici
680 2864 761 2938 quod
785 2862 868 2920 sicud
885 2862 959 2920 illud
975 2862 1235 2937 generalissimum
1260 2863 1434 2937 ‘quantitas’

257 2942 415 3037 iggssdfflffsi
447 2950 537 3005 habet
553 2948 759 3006 differenciam
771 2949 976 3022 esseneialem,
993 2948 1198 3007 differenciam
1216 2949 1435 3022 immediatam,

269 3047 314 3089 ana
330 3047 398 3089 ‘non-
446 3035 573 3094 scilicet:
589 3034 619 3091 in
630 3035 829 3110 quantitatem
841 3037 1005 3093 continuam
1017 3049 1046 3092 et
1056 3036 1256 3111 quantitatem
1267 3038 1434 3106 discretam,
1447 3063 1480 3099 20

256 3099 412 3203 {ffi'ss‘lffiff‘ffi}
446 3135 475 3178 et
495 3122 604 3179 iterum
625 3121 655 3177 in
673 3122 873 3196 quantitatem
891 3124 1050 3180 habentem
1065 3124 1242 3199 posicionem
1259 3124 1435 3200 inpartibus

247 3202 417 3312 pzsgifflnssgd
446 3221 474 3265 et
498 3228 558 3266 non
581 3210 752 3267 habentem.
782 3213 818 3265 Et
842 3210 933 3266 habet
956 3208 1093 3284 duplices
1116 3209 1307 3268 differentias
1335 3228 1434 3268 essen·

263 3307 366 3378 postttoq
381 3311 408 3352 or·
446 3295 537 3353 ciales
560 3296 717 3370 oppositas
741 3309 770 3353 et
791 3310 934 3354 annectas
959 3297 1035 3367 (illas
1052 3296 1174 3371 quidem
1192 3317 1250 3372 que
1266 3297 1433 3355 dividerent

295 3366 375 3413 ΡΜ·
446 3401 539 3456 genus
562 3386 727 3440 secundum
752 3402 814 3440 esse
835 3402 920 3440 suum
946 3385 1175 3459 quodammodo
1199 3385 1355 3442 materiale
1379 3404 1434 3459 per

447 3483 615 3544 respectum
644 3473 683 3527 ad
710 3471 837 3527 formale
865 3484 909 3527 est
936 3490 1039 3545 genus,
1069 3484 1097 3528 et
1125 3485 1249 3529 econtra
1277 3472 1350 3530 alias
1374 3483 1474 3547 que25

238 3550 382 3647 {3532}
396 3553 424 3647 ἓξ
446 3557 613 3614 dividerent
636 3557 733 3632 ipsum
758 3576 852 3631 genus
877 3563 920 3614 2¹¹¹
945 3561 1099 3632 quoddam
1125 3578 1211 3616 suum
1229 3578 1290 3616 esse
1305 3560 1432 3616 formale

254 3655 361 3710 dividing
374 3657 413 3700 the
444 3663 498 3718 per
517 3656 685 3719 respectum
707 3644 744 3702 ad
761 3643 926 3704 materiale.
950 3649 987 3703 Et
1002 3645 1045 3702 sic
1061 3646 1139 3703 forte
1155 3647 1312 3722 quodlibet
1327 3665 1430 3721 genus,

229 3709 556 3815 apphupugtprvrpppynedum
588 3732 806 3802 subalternum,
846 3735 882 3788 de
915 3750 975 3807 quo
1007 3732 1112 3790 leviter
1144 3746 1279 3808 apparet,
1317 3735 1368 3790 sed
1402 3745 1431 3791 et

497 4000 515 4032 1.
531 3987 664 4059 Capitulum
676 3986 718 4032 dre.
733 3987 803 4032 deest.
859 4001 879 4032 2.
894 3989 970 4033 Blanlr
982 4001 1052 4045 space
1059 3987 1106 4046 sor
1118 3989 1196 4033 r'nr'tr'al
1204 3989 1287 4033 DMS.
1343 3985 1430 4032 romsr

444 4058 493 4103 MS.
550 4069 583 4113 17.
599 4060 641 4102 dra
656 4055 714 4102 sscas
729 4058 779 4102 MS.
835 4059 873 4102 25.
888 4067 915 4114 g‘
927 4059 978 4103 MS.

499 4179 536 4220 ιο.
560 4165 629 4218 Nisi.
656 4167 666 4216 l
689 4165 757 4217 have
784 4167 891 4234 already
918 4168 999 4218 noted
1026 4168 1079 4218 this
1098 4170 1152 4219 MS.
1180 4168 1247 4218 lorm
1270 4167 1358 4218 which
1381 4167 1429 4217 has

443 4237 554 4303 puzzled
582 4251 624 4287 me
651 4246 699 4287 not
724 4253 739 4286 a
766 4237 844 4289 little:
876 4237 977 4288 neither
1002 4237 1065 4288 here
1093 4255 1142 4288 nor
1176 4237 1319 4287 elsewhere
1347 4253 1395 4288 can
1418 4237 1427 4286 l

444 4307 519 4356 make
538 4321 587 4372 any
607 4322 682 4356 sense
706 4307 737 4356 of
753 4308 779 4357 it.
878 4319 918 4358 22.
942 4307 1097 4359 Habentcm.
1120 4307 1187 4357 This
1211 4309 1329 4372 requires
1353 4323 1428 4356 some

444 4377 616 4442 explanation.
645 4375 765 4428 Number
790 4378 812 4427 is
840 4379 1065 4428 non-continuous
1088 4379 1221 4445 quantity;
1249 4379 1283 4427 all
1306 4376 1383 4427 other
1406 4378 1428 4426 is

443 4447 611 4497 continuous.
644 4445 717 4496 Time
740 4448 805 4497 does
829 4458 875 4497 not
898 4448 980 4513 imply
1000 4449 1123 4513 position,
1150 4463 1200 4496 nor
1219 4448 1284 4497 does
1302 4448 1426 4516 number;

443 4514 489 4563 but
508 4516 541 4565 all
560 4515 635 4565 other
653 4526 722 4566 sorts
740 4517 771 4567 of
787 4518 906 4584 quantity
926 4519 968 4568 do.
