3406 5366
771 511 940 562 JOHANNIS
958 511 1106 562 WYCLIF.
1307 507 1375 551 CAP.
1390 506 1431 550 lll.

443 675 493 732 illa
516 671 692 731 differencia
715 690 778 729 non
801 673 950 746 adequate
974 672 1155 728 constituent
1176 669 1258 728 illam
1284 670 1432 745 speciem3

444 764 525 837 quod
542 773 585 818 est
601 773 707 818 contra
724 772 923 833 assumptum.
948 758 979 816 Si
995 772 1097 815 autem
1115 759 1224 816 iterum
1243 757 1434 816 constituitur

444 847 557 924 species
595 847 777 915 subalterna,
816 847 946 903 addatur
983 845 1092 902 iterum
1131 847 1220 903 unica
1259 844 1433 902 differencia

444 935 595 1011 specifica,
634 945 662 992 et
700 953 768 992 curn
807 951 869 990 non
906 932 944 989 sit
990 933 1154 1007 procedere
1199 932 1228 988 in
1267 931 1432 1001 infinitum,

445 1024 616 1082 devenietur
647 1022 770 1079 tandem
795 1020 877 1095 quod
910 1019 1035 1094 aliquod
1059 1019 1199 1076 ultimum
1225 1037 1328 1094 genus,
1363 1025 1458 1076 cumi

445 1110 533 1167 unica
550 1108 658 1166 ultima
674 1107 857 1178 differencia,
875 1108 1022 1181 adequate
1037 1108 1165 1181 speciem
1183 1106 1432 1181 specialissimam

445 1196 621 1264 constituet;
655 1209 684 1252 et
716 1209 788 1252 tunc
816 1194 868 1253 illa
897 1194 1071 1252 differencia
1099 1195 1136 1250 de
1164 1192 1216 1250 illa
1246 1195 1310 1250 sola
1335 1192 1435 1268 specie

446 1282 662 1360 predicabitur,
688 1283 821 1358 eoquod
846 1293 1042 1356 aggregatum
1067 1299 1100 1337 ex
1124 1279 1176 1338 illo
1199 1299 1307 1356 genere
1331 1295 1360 1338 et
1384 1279 1435 1338 illa

447 1369 622 1429 differencia
646 1388 715 1426 cum
739 1369 840 1443 specie
864 1368 1055 1439 convertitur,
1085 1366 1144 1424 nisi
1168 1367 1330 1442 fingeretur
1353 1369 1436 1443 quod

446 1458 520 1516 illud
552 1475 645 1532 genus
678 1470 707 1513 et
739 1455 791 1513 illa
814 1455 988 1513 differencia
1022 1468 1127 1512 mutuo
1160 1468 1189 1512 et
1221 1455 1375 1530 reciproce
1405 1473 1480 1511 sero

448 1546 626 1603 contrahent
660 1545 699 1600 ad
727 1541 926 1619 quantitatem
957 1561 1025 1600 cum
1054 1541 1106 1599 illa
1133 1541 1247 1616 specie:
1283 1544 1364 1618 quod
1393 1554 1437 1598 est

448 1632 671 1690 inconveniens.

274 1728 403 1784 ltmaybe
493 1719 549 1775 llic
573 1718 650 1776 forte
673 1717 800 1783 dicetur,
828 1715 912 1774 sicud
935 1715 1028 1791 prius,
1057 1735 1126 1774 cum
1150 1733 1330 1792 quecunque
1353 1715 1437 1772 diffe-

244 1780 429 1876 aqstdviqreerdenqreat
449 1807 549 1864 rencia
587 1804 729 1879 specifica
767 1803 839 1860 insit
881 1803 991 1878 speciei
1029 1823 1119 1879 quam
1159 1803 1314 1861 constituit
1351 1801 1437 1860 sicud

270 1885 401 1928 mustbea
449 1893 615 1952 universale
648 1891 710 1949 eius
742 1889 939 1948 intrinsecum
966 1885 970 1971 Ι
995 1903 1024 1948 et
1051 1908 1104 1966 per
1133 1908 1320 1965 consequens
1352 1889 1437 1947 sicud
1468 1903 1530 1947 222¹

273 1937 398 1991 universal,

283 1990 390 2050 iptrinsic
449 1980 505 2038 sibi
539 1997 701 2037 commune
740 1977 936 2034 intrinsecum
975 1977 1170 2053 principium.
1209 1980 1268 2036 Sed
1301 1995 1363 2035 non
1396 1988 1440 2034 est

231 2041 439 2147 diissssffiffifch
449 2066 591 2144 possibile
608 2065 723 2140 aliquid
739 2083 801 2122 esse
817 2077 852 2121 ut
867 2083 1030 2124 commune
1045 2065 1241 2123 intrinsecum
1254 2063 1437 2139 principium

248 2146 421 2244 isffife‘gffffst
450 2154 549 2225 alicui,
583 2153 640 2211 nisi
673 2152 729 2210 sibi
762 2165 791 2209 et
824 2150 891 2209 aliis
923 2152 1033 2227 poterit
1065 2154 1107 2210 sic
1145 2170 1210 2210 esse
1242 2151 1437 2227 principium,

270 2253 367 2306 belongs
382 2258 405 2295 ro
450 2242 534 2299 Alias
573 2253 651 2298 esset
688 2239 810 2315 proprie
847 2241 1003 2314 proprium
1043 2252 1072 2296 et
1109 2258 1170 2297 non
1208 2251 1240 2297 ut
1271 2237 1439 2297 universale

241 2305 434 2412 m⁰ssspi¹c¹i⁸e¹ss,⁰¹¹⁰
451 2328 645 2404 principium,
675 2340 703 2384 et
726 2340 758 2383 ut
780 2327 957 2385 universalis
985 2340 1015 2385 et
1039 2325 1208 2385 communis
1237 2326 1300 2383 eius
1325 2327 1485 2396 forma32o

452 2435 520 2473 cum
554 2429 657 2472 tamen
690 2415 726 2470 de
758 2413 881 2471 racione
912 2413 1081 2472 differencie
1112 2413 1253 2489 specifice
1286 2415 1322 2470 sit
1355 2415 1438 2488 quod

451 2503 620 2577 predicetur
643 2502 680 2558 de
702 2519 755 2557 sua
778 2499 879 2574 specie
901 2512 933 2556 ut
956 2501 1132 2563 universale.

275 2599 403 2653 ltisuaia,
495 2591 581 2648 Unde
614 2588 731 2646 dicetur
763 2589 885 2644 ulterius
922 2591 1003 2663 quod
1043 2607 1104 2645 non
1136 2601 1180 2645 est
1212 2586 1354 2663 possibile
1386 2587 1439 2643 sub

259 2653 420 2762 fssgsshecfflsssst
453 2677 555 2752 aliquo
589 2694 697 2751 genere
730 2673 871 2732 constitui
895 2676 970 2733 duas
1003 2677 1082 2733 solas
1105 2674 1296 2732 immediatas
1325 2672 1441 2748 species

244 2758 322 2853 aivgqq
335 2768 436 2852 ὃίξξὲωὸ
453 2779 481 2822 et
504 2763 672 2840 quamlibet
695 2781 798 2820 earum
816 2781 870 2836 per
885 2764 1003 2820 unicam
1021 2762 1227 2821 differenciam
1243 2760 1438 2820 essencialem
1453 2770 1484 2820 25

259 2875 270 2906 2
287 2822 377 2915 spicies
391 2863 421 2917 by
452 2851 508 2908 sibi
519 2852 664 2925 debitam3
681 2851 733 2907 sed
749 2849 972 2907 constituuntur
989 2851 1052 2909 sole
1068 2851 1126 2906 due
1143 2849 1259 2924 species
1275 2847 1440 2906 inmediate

236 2913 486 3022 ἀῗῆξζὲξοὲῐέιῇζεκ
509 2937 650 3014 opposito
674 2957 734 3013 quo
762 2938 800 2994 ad
830 2954 892 2994 esse
914 2938 1143 3012 quodammodo
1168 2936 1324 2995 materiale
1347 2935 1440 3010 ipsius

262 3043 265 3047 ·
453 3025 571 3100 generis
587 3025 782 3099 appropriate
798 3042 852 3097 per
867 3027 941 3082 duas
956 3024 1146 3083 differencias
1157 3023 1243 3099 quasi
1260 3022 1440 3081 materiales.

236 3127 295 3188 Tuo
309 3124 445 3168 differences
455 3117 491 3170 Et
515 3112 740 3171 constituuntur
763 3113 820 3168 due
843 3111 959 3184 species
982 3111 1146 3170 inmediate
1170 3129 1203 3168 ex
1219 3111 1362 3186 opposito
1378 3128 1440 3184 quo

271 3188 410 3273 ¹,¹,¹„i„⁸⁶f{}¹,}ss
454 3201 492 3257 ad
515 3218 578 3257 esse
600 3199 827 3275 quodammodo
850 3198 978 3256 formale
1002 3199 1096 3274 ipsius
1112 3196 1230 3275 generis
1246 3196 1440 3273 appropriate
1453 3207 1486 3258 30

251 3282 378 3377 speciseasmieq
393 3281 431 3324 ²¹¹⁶
455 3306 507 3361 per
518 3286 705 3346 differencias
721 3285 806 3361 quasi
822 3287 974 3344 formales.
998 3286 1102 3344 Eciatn
1119 3299 1147 3343 et
1164 3285 1262 3360 prime
1277 3285 1440 3342 inmediate

454 3373 568 3449 species
607 3376 675 3444 due,
714 3386 743 3431 et
773 3374 905 3431 secunde
937 3373 1101 3432 inmediate
1132 3372 1247 3448 species
1279 3375 1348 3444 due,
1387 3390 1441 3446 per

454 3474 622 3536 respectum
646 3462 692 3518 vel
714 3462 769 3518 sub
786 3474 925 3536 respectu
948 3480 1010 3519 esse
1032 3462 1261 3537 quodammodo
1285 3459 1442 3517 materiale

453 3547 548 3622 ipsius
580 3547 699 3624 generis
730 3550 769 3606 ad
800 3566 862 3606 esse
893 3550 1120 3624 quodammodo
1158 3547 1285 3605 formale
1323 3545 1442 3622 generis

455 3634 588 3692 eiusdem
628 3649 657 3692 et
689 3647 811 3692 econtra
842 3635 1077 3694 constituuntur.
1125 3639 1162 3692 Et
1192 3633 1235 3692 sic
1268 3632 1443 3691 differencia
1454 3641 1485 3694 35

456 3721 542 3798 quasi
567 3722 740 3796 materialis,
765 3724 958 3798 appropriate
981 3723 1170 3781 constituens
1193 3741 1285 3779 unam
1309 3719 1439 3797 speciem

456 3808 541 3885 quasi
575 3809 772 3879 materialem,
806 3811 946 3868 convenit
978 3810 1067 3869 alicui
1101 3812 1139 3868 de
1171 3809 1327 3884 speciebus
1355 3807 1441 3882 quasi

456 3897 645 3971 formalibus,
677 3898 747 3955 licet
779 3917 840 3955 non
864 3898 1073 3974 appropriate3
1108 3909 1137 3955 et
1162 3909 1285 3956 econtra
1309 3894 1443 3972 quelibet

457 4134 485 4179 33
508 4083 699 4180 ffissffllssissuffi
710 4080 761 4126 Ma.
816 4083 854 4126 26.
870 4067 923 4126 ae53
938 4082 999 4137 usq
1016 4068 1117 4127 raim·
1133 4082 1184 4126 MS.
1244 4066 1441 4138 mimantis.

514 4225 551 4280 18.
572 4226 631 4276 Sibi
647 4230 672 4278 ci
689 4227 762 4277 aliis.
785 4225 861 4276 Thus
884 4228 976 4292 impar
994 4227 1015 4276 is
1034 4242 1049 4275 a
1068 4225 1208 4276 difference
1225 4224 1312 4275 which
1332 4224 1443 4285 belongs

458 4306 503 4347 not
521 4297 584 4363 only
603 4306 630 4345 to
650 4297 663 4348 3
683 4296 730 4346 but
747 4306 775 4345 to
796 4296 819 4364 5,
838 4313 854 4360 7
969 4297 1089 4362 primur,
1108 4306 1156 4345 not
1173 4295 1236 4361 only
1258 4305 1285 4344 to
1305 4297 1327 4357 3,
1351 4295 1397 4345 but
1415 4305 1442 4344 to

459 4382 482 4433 2,
503 4367 524 4429 5,
545 4383 600 4431 7..
616 4404 620 4413 .
636 4406 640 4416 .
659 4394 694 4402 -
711 4367 861 4432 Evidently,
880 4365 954 4416 these
974 4365 1127 4416 differences
1147 4380 1192 4415 are
1211 4373 1258 4414 not
1275 4364 1307 4414 ol
1316 4363 1359 4414 the
1371 4379 1442 4414 same

457 4437 590 4485 character
609 4450 638 4484 as
657 4433 770 4485 ‘Animal
788 4438 921 4487 rationale
938 4446 982 4485 aut
1000 4434 1174 4487 irrationali.
