3406 5366
715 1305 963 1382 CAPITULUM
989 1305 1157 1382 NONUM.

244 1473 411 1529 werayrhen
486 1462 535 1520 Sic
567 1462 657 1536 igitur
689 1463 805 1521 videtur
836 1467 1002 1521 secundum
1035 1464 1192 1521 veritatem
1225 1463 1427 1536 theologicam

253 1525 380 1634 mfffiffye
387 1578 414 1621 of
443 1563 473 1607 et
505 1550 764 1624 methaphysicam
798 1550 958 1608 dicendum
984 1554 1066 1626 quod
1099 1550 1307 1626 unusquisque
1335 1551 1429 1606 homo

233 1631 428 1738 sirigiiaffiiiriie
443 1638 534 1694 habet
558 1655 643 1694 suam
668 1637 899 1709 humanitatem,
924 1657 985 1713 quo
1009 1639 1047 1695 ad
1063 1638 1204 1708 formam,
1229 1637 1429 1712 singularem3

265 1735 398 1789 subjectsir
443 1742 498 1780 nec
530 1724 613 1781 illam
647 1738 766 1799 oportet
790 1743 853 1782 esse
878 1725 1045 1782 formaliter
1073 1724 1262 1782 individuum
1292 1723 1455 1787 humani-5

226 1788 523 1884 infpprpippdpplrhetatis'
552 1813 605 1868 sed
629 1811 816 1869 individuam
841 1813 887 1869 vel
910 1811 1092 1886 singularem
1122 1826 1262 1869 naturam
1287 1811 1431 1869 individui

240 1892 425 2000 pgssggffigfnais
444 1898 578 1959 humani.
601 1901 639 1955 Et
663 1901 744 1974 quod
768 1899 898 1956 obicitur
922 1901 958 1956 de
982 1899 1121 1956 albedine
1145 1898 1289 1974 singulari
1311 1917 1372 1974 quo
1394 1900 1432 1954 ad

226 2003 268 2040 not
281 1997 330 2040 ruat
340 2008 433 2052 person.
443 1985 573 2042 formam
598 2005 657 2060 qua
683 1985 733 2043 illa
757 2000 801 2043 est
824 1985 1010 2044 individuum
1033 1986 1180 2043 albedinis
1198 2028 1304 2047 .....
1330 1988 1433 2042 Potest

269 2049 393 2156 ’ἒῗςὲἓηῖξ
443 2086 545 2129 tamen
569 2072 628 2129 dici
652 2075 735 2147 quod
759 2087 801 2130 est
819 2073 977 2130 distinccio
993 2074 1128 2131 formalis
1148 2073 1227 2130 inter
1243 2071 1431 2130 individuum

243 2153 420 2262 supffihtwo
445 2159 602 2229 albedinis,
637 2171 665 2216 et
689 2160 752 2216 eius
777 2159 959 2232 singularem
983 2173 1134 2232 naturam,
1165 2160 1249 2217 sicud
1272 2159 1432 2216 distinccio
1448 2185 1477 2220 10

282 2257 385 2302 romot
446 2259 489 2303 est
522 2246 601 2302 inter
633 2245 821 2305 individuam
855 2247 1059 2306 substanciam
1094 2262 1121 2304 et
1155 2247 1219 2306 eius
1248 2247 1432 2321 singularem

233 2309 428 2417 Whffffssfflne
446 2346 597 2392 naturam.
637 2337 673 2390 Et
711 2347 783 2392 tunc
822 2334 995 2392 humanitas
1035 2333 1204 2392 communis
1242 2353 1304 2390 non
1342 2335 1433 2390 habet

236 2414 425 2522 cffilffiggfl
446 2419 600 2477 racionem
634 2421 824 2478 informantis
858 2435 887 2479 et
924 2421 1074 2479 materiati
1109 2421 1271 2478 subiective
1295 2435 1433 2496 respectu

273 2499 416 2580 tueorher'
446 2507 644 2564 humanitatis
668 2507 829 2582 singularis
854 2527 915 2584 quo
939 2511 977 2566 ad
1001 2509 1143 2581 formam,
1177 2527 1231 2565 nec
1260 2509 1433 2565 humanitas

234 2572 429 2680 bessffiffimy
447 2595 514 2652 talis
543 2594 703 2668 singularis
736 2597 826 2652 habet
864 2595 1017 2654 racionem
1053 2595 1240 2653 materiantis
1273 2593 1476 2659 subiective15

228 2683 251 2718 10
266 2687 328 2772 0323]
330 2688 436 2785 ngtmty
447 2695 476 2739 et
500 2681 653 2740 informati
677 2696 814 2757 respectu
838 2682 1036 2740 humanitatis
1060 2683 1241 2740 communis,
1280 2684 1350 2739 ldeo
1374 2700 1435 2738 non

236 2761 429 2838 adnirtingbnty
448 2782 516 2826 sunt
540 2771 578 2826 ad
601 2769 729 2827 invicem
753 2769 920 2827 universale
944 2786 973 2828 et
996 2770 1158 2844 singulare.

265 2834 402 2929 dsssg'ffffiffn
490 2857 527 2913 Et
551 2855 592 2914 sic
616 2856 713 2914 eciam
738 2859 774 2914 de
798 2856 967 2915 risibilitate
992 2857 1146 2915 communi
1171 2868 1201 2914 et
1222 2855 1377 2932 singulari,
1408 2869 1436 2914 et

254 2937 410 3034 betrpeheipethe
448 2944 484 3001 de
522 2943 763 3001 racionabilitate
795 2945 949 3001 communi
985 2958 1013 3002 et
1046 2944 1201 3019 singulari,
1240 2943 1264 3001 si
1302 2957 1373 3002 sunt
1404 2942 1436 3000 in

237 3041 367 3086 individua
381 3044 427 3086 and
447 3030 579 3088 homine.
606 3034 643 3087 Et
657 3030 775 3088 videtur
791 3031 895 3106 utique
911 3034 993 3107 quod
1010 3031 1070 3090 alia
1086 3030 1246 3106 singularis
1262 3029 1435 3089 humanitas
1448 3061 1480 3094 20

246 3095 419 3200 ¹t‡„¹,¹,¹,{¹„l,¹},¹¹3³¹
448 3117 557 3176 habeat
589 3117 679 3175 aliam
718 3117 959 3176 racionalitatem
1003 3119 1196 3193 singularem,
1240 3132 1269 3176 et
1306 3117 1435 3176 maxime

229 3199 436 3306 θξὲἐῧὲὲἳζΰῃῇθ
448 3203 539 3261 aliam
557 3204 759 3262 risibilitatem
777 3220 1022 3281 consequentem.
1047 3210 1084 3264 Et
1100 3205 1177 3263 sicut
1194 3225 1226 3263 ex
1247 3204 1436 3264 animalitate

244 3304 423 3357 similarcases,
448 3292 579 3364 generali
604 3304 632 3349 et
657 3291 830 3350 differencia
862 3292 1003 3368 specifica
1032 3292 1227 3351 constituitur
1258 3292 1436 3368 quiditative

233 3357 433 3452 insffiffiffl„
449 3377 563 3452 species
588 3379 730 3452 humana,
755 3378 798 3436 sic
821 3381 867 3452 (ut
882 3379 1009 3450 videtur)
1035 3399 1068 3438 ex
1085 3379 1272 3438 animalitate
1287 3379 1436 3455 singulari

254 3461 415 3556 ὴῧξάξῄῗάῧζῖῡ
450 3477 478 3521 et
489 3465 696 3524 racionalitate
707 3465 851 3540 singulari
862 3467 1040 3542 quiditative
1056 3466 1250 3542 componitur
1262 3467 1436 3525 humanitas
1448 3496 1460 3530 2
1466 3483 1479 3534 5

238 3563 428 3620 rationalirydc.
448 3551 615 3626 singularis.
656 3553 688 3610 si
716 3552 806 3624 enim,
835 3567 869 3611 ut
892 3554 1011 3612 videtur
1038 3554 1138 3630 prima
1165 3554 1252 3627 facie,
1275 3552 1436 3629 singularis

244 3616 424 3714 ὦὲἳῃῇἳξξῇξῶ
449 3639 621 3698 animalitas
654 3653 682 3697 et
716 3639 875 3714 singularis
899 3641 1126 3700 racionabilitas
1153 3659 1215 3698 non
1244 3655 1313 3699 sunt
1336 3655 1436 3716 partes

248 3724 425 3834 gzsetggtwssffilfg
449 3726 626 3802 quiditative
655 3727 851 3786 humanitatis
879 3728 1050 3803 singularis,
1080 3730 1235 3804 quomodo
1260 3747 1436 3786 communes

266 3825 403 3871 rndividuat.
449 3827 536 3871 erunt
560 3828 660 3890 partes
689 3814 867 3891 quiditative
896 3817 1097 3874 communiter
1125 3814 1341 3874 humanitatis?
1376 3820 1437 3873 Nec

249 3878 290 3922 Yet
301 3879 424 3974 ppelrsscan
448 3914 568 3976 oportet
596 3917 721 3978 propter
750 3903 808 3960 hoc
832 3921 896 3961 esse
919 3902 1066 3961 individui
1095 3903 1313 3961 diffinicionem
1337 3902 1436 3977 quidi-
1449 3918 1481 3968 30

247 3983 425 4080 ξξζῂᾞξξξοζξ
448 3989 572 4047 tativam
596 3989 757 4048 facientem
782 3989 944 4049 scienciam
968 3991 1164 4064 habitualem,
1193 4010 1261 4049 cum
1287 3989 1437 4064 singulare

241 4099 266 4131 as
280 4087 431 4134 individuus.
448 4095 510 4134 non
535 4077 590 4134 fixe
614 4091 736 4136 maneat
751 4079 787 4136 de
805 4098 866 4153 quo
883 4081 1043 4137 haberetur
1059 4078 1147 4136 firma
1164 4091 1194 4136 et
1209 4091 1290 4137 certa
1306 4077 1437 4137 sciencia

502 4395 520 4429 r.
545 4384 679 4448 Capitulum
704 4385 745 4432 dre.
773 4388 847 4432 deest.
938 4397 960 4430 2.
982 4387 1058 4432 Blank
1082 4397 1152 4450 space
1170 4386 1220 4443 for
1245 4384 1324 4431 inflia!
1338 4385 1363 4450 ‘S
1384 4383 1435 4430 MS.

449 4438 470 4481 8.
486 4438 555 4494 After
573 4439 695 4493 albedinis,
719 4452 749 4483 no
768 4452 817 4496 gap
832 4439 883 4485 MS.
967 4451 1055 4485 10-12.
1080 4440 1282 4485 sicud—naturam
1301 4443 1367 4484 twice
1385 4439 1436 4483 MS.

449 4519 487 4552 22.
503 4493 570 4564 u‘rr'ff
575 4508 626 4552 MS.
681 4507 717 4553 30.
733 4509 879 4554 individuum
895 4510 946 4555 MS.
