3378 5356
795 1216 1075 1290 FRAGMENTA..

267 1383 343 1427 There
358 1395 397 1427 are
487 1377 561 1431 Tres
577 1386 647 1430 sunt
665 1373 745 1430 modi
763 1374 974 1447 respondendi,
996 1374 1160 1428 secuudum
1179 1392 1307 1446 quorum
1326 1393 1429 1448 quem-

229 1437 516 1532 ¹22}{,2¹{⁰,‘{f{„2¹'litret
554 1474 650 1536 potest
688 1479 719 1516 se
758 1463 849 1516 homo
882 1460 1041 1516 defendere
1075 1459 1104 1514 in
1140 1479 1321 1534 quocunque
1360 1480 1428 1518 casu

235 1541 428 1648 lsgeffifflffd
444 1547 543 1619 fuerit,
567 1567 604 1605 ne
628 1547 684 1603 sibi
708 1549 916 1605 concludatur.

275 1646 389 1690 Tueurst
488 1635 606 1691 Primus
645 1637 752 1691 modus
790 1633 993 1709 respondendi
1033 1647 1077 1690 est
1115 1633 1250 1706 Magistri
1290 1634 1454 1696 Richardi5

262 1698 400 1804 οξέξξῇξῗῃζ]
444 1722 602 1794 Surinhet;
636 1736 664 1779 et
692 1721 741 1778 ille
771 1725 879 1778 modus
903 1720 1106 1794 respondendi
1135 1733 1178 1776 est
1202 1723 1428 1794 quodammodo

254 1803 407 1910 ssffilglffinbgl
444 1809 624 1880 communis,
657 1809 821 1865 secundum
855 1810 936 1883 quod
970 1807 1067 1864 solum
1101 1821 1170 1864 sunt
1204 1807 1262 1864 tria
1294 1807 1325 1864 in
1358 1828 1429 1883 qua-

281 1907 380 1960 ροεῑιεᾱ,
443 1915 561 1970 cunque
600 1896 787 1968 obligacione
820 1896 1023 1965 concedenda,
1062 1893 1202 1950 videlicet
1235 1895 1367 1968 positum
1402 1910 1428 1953 et

256 1959 400 2065 ,lffiffsefssssfl
442 2002 569 2058 sequens
608 1983 771 2040 inmediate
807 2001 839 2038 ex
878 1981 987 2056 posito,
1028 1995 1056 2037 et
1093 2000 1197 2038 verum
1233 1982 1428 2056 impertinens

251 2064 409 2170 ,mnffigmy
442 2070 550 2127 scitum
580 2089 644 2128 esse
673 2070 743 2139 tale,
777 2069 818 2126 ita
847 2069 928 2143 quod
955 2086 1046 2142 penes
1075 2067 1156 2125 illam
1182 2068 1259 2125 viam
1291 2069 1321 2125 id
1348 2073 1473 2145 quodro

283 2169 374 2210 rouows
442 2157 578 2232 sequitur
611 2175 643 2214 ex
667 2157 766 2231 posito
791 2176 859 2213 cum
893 2158 968 2212 benc
1002 2174 1145 2212 concesso
1174 2156 1219 2212 vel
1253 2175 1321 2212 cum
1355 2160 1429 2214 bene

283 2221 372 2263 ruence.
442 2243 592 2301 concessis
626 2263 693 2301 cum
719 2243 861 2318 opposito
885 2245 960 2299 bene
991 2241 1089 2316 negati
1112 2244 1159 2299 vel
1183 2243 1330 2317 oppositis
1353 2246 1428 2301 bene

441 2343 620 2404 negatorum
645 2350 706 2387 non
730 2333 817 2387 debet
842 2329 979 2398 concedi,
1004 2331 1055 2385 sed
1079 2331 1177 2386 solum
1202 2329 1260 2386 tria
1284 2331 1427 2405 predicta.

228 2462 250 2504 Π
261 2409 417 2506 fifflglerqn
487 2420 583 2489 Unde,
608 2416 632 2473 si
656 2430 787 2491 ponatur
810 2417 876 2474 illa:
905 2416 1006 2472 Omnis
1029 2417 1115 2473 homo
1139 2418 1243 2488 currit,
1268 2431 1296 2474 et
1320 2419 1429 2476 admit-

232 2516 276 2558 and
287 2526 338 2568 you
351 2495 425 2558 area'
442 2517 522 2560 tatur
546 2504 606 2574 illa,
631 2506 721 2561 debet
744 2503 879 2561 concedi.
904 2505 941 2559 Et
964 2518 1036 2560 tunc
1059 2503 1082 2559 si
1100 2504 1207 2560 deinde
1223 2518 1428 2578 proponatur:
1444 2517 1471 2569 ιδ

230 2567 423 2662 ss'gss'hgffitlffi‘l
446 2593 488 2647 Tu
512 2611 542 2648 es
565 2592 662 2663 homa,
687 2591 760 2647 illud
785 2591 879 2648 eciam
905 2604 949 2646 est
974 2593 1211 2662 concedendum,
1236 2591 1308 2665 quia
1324 2611 1426 2649 verum

275 2683 392 2766 ffl‘ffle
442 2692 471 2734 et
493 2677 681 2754 inpertinens
705 2679 811 2736 scitum
838 2699 855 2736 a
880 2697 926 2734 me
951 2678 1014 2734 fore
1036 2679 1105 2734 tale.
1145 2681 1182 2734 Et
1209 2677 1233 2733 si
1256 2692 1328 2735 runc
1357 2700 1426 2754 pro-

232 2777 421 2836 premisesrprm
441 2779 585 2839 ponatur:
617 2768 655 2823 Tu
685 2767 791 2838 curris,
825 2768 882 2822 hoc
911 2779 953 2821 est
981 2768 1162 2837 negandum,
1196 2784 1257 2821 non
1290 2769 1429 2823 obstante

224 2829 414 2934 sesstfissfflffiss,
441 2856 522 2928 quod
547 2853 682 2929 sequitur
706 2872 740 2911 ex
764 2853 872 2927 posite,
904 2871 969 2908 curn
996 2854 1072 2908 bene
1097 2871 1254 2928 concesso3
1283 2854 1354 2927 quia
1378 2855 1428 2911 illa

222 2893 499 3039 ,uffinarieuisriliimn
525 2954 568 2997 est
592 2941 704 3014 regula,
729 2939 856 2998 scilicet:
881 2939 994 3009 “Quod
1018 2939 1154 3013 sequitur
1179 2959 1211 2996 ex
1235 2941 1334 3013 posito
1358 2961 1472 3002 cum2o

230 3049 332 3092 youcan
347 3038 421 3080 admit
440 3046 584 3085 concesso
608 3041 651 3086 est
676 3027 937 3094 concedendum'',
962 3026 1045 3083 sicud
1069 3025 1238 3100 predictum
1265 3041 1318 3084 est.
1344 3032 1379 3084 Et
1403 3028 1426 3084 si

241 3090 409 3196 consetiriencq
440 3128 669 3188 argumentatur
697 3117 778 3189 quod
809 3128 927 3171 contra:
962 3114 1063 3169 Omnis
1094 3117 1179 3169 lromo
1207 3116 1310 3187 currit,
1339 3126 1368 3170 tu
1398 3135 1428 3171 es

240 3193 413 3298 mgpduffsstlhgw
439 3202 541 3257 homo:
563 3220 646 3279 ergo,
663 3213 692 3256 tu
710 3201 816 3272 curru,
834 3201 941 3257 dicitur
958 3202 1154 3257 concedendo
1171 3202 1424 3275 consequenciam

277 3298 375 3359 utrumq
439 3301 467 3344 et
491 3291 631 3362 negando
656 3290 847 3346 antecedens,
887 3292 922 3343 Et
946 3287 969 3342 si
995 3302 1138 3362 queratur
1167 3308 1222 3362 pro
1246 3308 1306 3362 qua
1330 3304 1425 3363 parte,

230 3350 422 3456 άξῗῧῗζῇξῇξθν
439 3374 549 3432 dicitur
577 3395 631 3449 pru
659 3389 766 3431 neutra
795 3387 890 3448 parte.
930 3376 1026 3442 Unde,
1056 3374 1079 3430 si
1105 3375 1202 3431 maior
1226 3390 1425 3449 proponatur,
1438 3390 1468 3440 25

438 3464 526 3518 debet
555 3462 690 3533 concedi,
725 3475 754 3519 et
787 3461 810 3517 si
846 3461 945 3518 minor
977 3476 1175 3536 proponatur,
1209 3464 1296 3519 debet
1330 3463 1424 3520 eciam

438 3549 578 3622 concedi3
603 3563 632 3606 et
648 3567 777 3622 semper,
794 3550 1038 3623 quandocunque
1056 3549 1088 3605 fit
1105 3548 1184 3605 idem
1203 3564 1424 3622 argumentum,

437 3636 614 3692 conceditur
639 3635 859 3711 consequencia
888 3649 916 3692 et
940 3649 1064 3709 negatur
1092 3639 1289 3708 antecedens;
1324 3651 1424 3694 tamen

438 3742 492 3797 pro
520 3736 625 3781 neutra
654 3737 747 3797 parte.
787 3726 823 3779 Et
853 3723 894 3779 ita
923 3736 1021 3796 potest
1045 3723 1103 3779 dici
1128 3723 1158 3779 in
1182 3723 1324 3780 omnibus
1349 3725 1423 3782 obli-

435 3810 609 3882 gacionibus
626 3811 671 3867 vel
688 3809 899 3866 insolubilibus
915 3810 1159 3884 quibuscunque3
1185 3824 1214 3867 et
1230 3810 1271 3868 ita
1288 3814 1423 3886 quando·
1436 3826 1468 3876 30

436 3916 554 3971 cunque
579 3899 611 3954 fir
636 3897 758 3972 aliquod
783 3911 992 3970 argumentum
1018 3897 1080 3954 sive
1104 3898 1134 3952 in
1159 3917 1240 3971 casu,
1264 3899 1325 3955 sive
1341 3913 1423 3956 extra

436 4004 549 4057 casum,
575 3984 599 4040 si
623 3987 804 4041 antecedens
828 3983 918 4040 fuerit
943 3983 1113 4058 copulativa
1138 3997 1165 4040 et
1190 4004 1251 4040 non
1275 3987 1424 4060 placuerit

435 4073 489 4128 tibi
522 4074 687 4128 concedere
716 4089 915 4146 consequens
949 4085 1033 4144 potes
1063 4066 1099 4150 (si
1125 4071 1175 4127 illa
1201 4073 1422 4148 consequencia

486 4373 508 4405 2.
522 4361 599 4405 Blanlr
617 4373 686 4418 space
697 4359 744 4418 sor·
762 4360 841 4405 inilial
857 4359 889 4430 T:
906 4361 996 4404 small!
1014 4362 1037 4431 ip
1057 4361 1096 4404 tlte
1110 4367 1189 4406 ceutre
1202 4360 1253 4404 MS.
1311 4374 1343 4418 17·
1358 4361 1423 4419 aster

434 4430 491 4486 fore,
506 4445 521 4484 4
535 4431 631 4474 crossed
644 4430 682 4488 off
692 4431 742 4474 MS.
797 4430 832 4474 31.
849 4429 872 4487 sy
887 4429 950 4483 MS.;
968 4433 997 4474 ib.
1013 4429 1035 4487 sy
1050 4430 1101 4473 MS.
