3406 5366
272 590 339 633 car.
353 589 393 633 vl.
590 593 634 641 DE
654 591 941 642 UNIVERSALIBUS.
1434 597 1470 654 3ι

272 755 317 811 vel
340 751 479 830 simplici,
502 752 527 808 si
552 764 666 809 constet
689 751 745 808 sibi
771 754 851 826 quod
874 751 997 826 quilibet
1014 750 1089 826 ignis
1107 764 1152 809 est
1169 750 1256 827 ignis,
1282 762 1321 805 the
1335 763 1382 804 fact
1396 761 1416 804 is
1430 774 1465 817 so,

273 841 382 898 fatetur
415 841 498 915 quod
525 839 577 896 sic.
615 841 725 895 Ymmo
754 857 806 913 per
834 838 1036 896 iuramentum
1068 858 1171 897 secure
1200 815 1475 920 hoc‘lfflnssemffiy

273 941 419 986 assereret
436 929 517 1001 quod
542 929 638 983 omnis
663 926 738 1000 ignis
762 939 805 982 est
828 925 915 1000 ignis.
940 926 972 984 Si
996 938 1095 983 autem
1120 927 1259 1002 queritur
1304 920 1449 1015 madidioris

273 1018 311 1073 ab
334 1035 371 1073 eo
394 1015 419 1071 si
443 1026 559 1072 constet
583 1013 639 1070 sibi
663 1013 723 1070 alio
747 1015 784 1070 de
807 1013 859 1069 tali
876 1013 960 1087 signo
977 1012 1031 1070 tali
1047 1013 1259 1089 proposicione
1288 984 1302 1023 ρ
1333 985 1347 1026 p
1447 1005 1459 1036 '²

249 1105 318 1163 §vel
350 1101 402 1160 tali
435 1101 637 1176 disposicione
670 1100 700 1156 in
734 1114 834 1157 mente
867 1119 931 1171 sua,
964 1101 1078 1158 scilicet
1110 1101 1260 1176 “quilibet

273 1189 350 1265 ignis
371 1201 414 1247 est
438 1188 548 1263 ignis’'‚
573 1186 766 1262 respondebit
782 1206 813 1244 se
829 1187 955 1245 nescire.
981 1191 1018 1244 Et
1033 1187 1117 1245 sicud
1134 1189 1259 1264 simplex

273 1279 374 1350 laycus
406 1276 550 1333 affectans
574 1274 731 1350 quodlibet
764 1277 933 1332 membrum
963 1275 1009 1331 sui
1035 1275 1171 1351 corporis
1197 1295 1260 1333 esse

273 1384 391 1434 sanum,
434 1383 496 1420 non
531 1362 652 1419 affectat
688 1362 771 1418 illam
812 1361 1056 1436 proposicionem
1096 1364 1258 1420 mentalem

274 1450 452 1525 “quodlibet
486 1452 655 1506 membrum
690 1449 827 1523 corporis
860 1449 917 1506 mei
951 1463 995 1507 est
1026 1451 1167 1527 sanum'‘,
1208 1452 1258 1506 sed

234 1539 394 1599 roaffectat
426 1537 585 1594 sanitatem
619 1539 647 1592 in
680 1536 815 1611 quolibet
844 1538 982 1594 membro
1011 1537 1158 1612 corporis.
1199 1537 1258 1609 Sic,
1272 1544 1324 1587 And
1344 1556 1400 1587 even
1419 1544 1477 1587 sucu

274 1645 342 1682 cum
372 1624 565 1682 manifestum
596 1637 639 1680 est
663 1622 727 1696 sibi,
761 1637 790 1680 et
813 1623 899 1681 valde
928 1637 1054 1695 certum,
1088 1627 1170 1699 quod
1195 1625 1259 1700 qui·
1279 1597 1467 1693 uiivdiddsssiere

273 1713 346 1768 libet
373 1712 449 1786 ignis
478 1725 522 1769 est
550 1710 636 1785 ignis,
669 1729 730 1768 non
759 1723 803 1768 est
828 1711 883 1767 sibi
911 1713 999 1769 valde
1032 1726 1146 1769 certum
1172 1701 1477 1796 quid-''⁰¹⁰155310332mi‘

274 1819 364 1874 quam
390 1812 419 1857 et
440 1798 632 1856 manifestum
650 1799 687 1855 de
702 1797 754 1855 illa
769 1797 994 1873 proposicione:
1019 1799 1167 1873 “quilibet
1183 1799 1259 1873 ignis
1270 1806 1347 1860 racitty
1361 1789 1384 1848 1'0
1403 1805 1477 1848 admit

274 1901 317 1943 est
341 1886 451 1961 ignis'’‚
475 1887 528 1944 sed
552 1898 595 1943 est
620 1884 812 1942 manifestum
836 1885 893 1942 sibi
917 1899 946 1942 et
969 1886 1057 1943 valde
1081 1899 1197 1942 certum
1223 1888 1260 1942 de
1308 1860 1434 1901 mmm

184 1992 247 2052 ²07⁵
274 1977 413 2048 igneitate
447 1973 604 2030 cuiuslibet
633 1971 716 2046 ignis.
742 1967 747 2054 l
772 1975 809 2029 Et
837 1972 1025 2047 experiencia
1058 1976 1145 2030 docet
1178 1976 1259 2048 quod

274 2061 413 2118 homines
450 2059 600 2134 sapientes
638 2073 667 2117 et
705 2059 865 2137 simplices,
903 2073 1046 2134 negantes
1077 2060 1259 2118 universales
1301 2075 1303 2080 ·

274 2149 387 2205 formas
415 2146 445 2203 in
470 2149 568 2216 rebus,
596 2145 661 2204 sine
685 2146 906 2204 deliberacione
934 2165 967 2204 ex
991 2146 1133 2204 instinctu
1158 2151 1260 2222 utique
1335 2191 1336 2196 κ

276 2235 405 2293 naturali
428 2248 670 2310 prorumpuntur
693 2247 722 2291 et
745 2234 864 2291 dicunt:
899 2235 956 2292 hoc
986 2247 1030 2291 est
1055 2234 1260 2306 manifestum,

276 2325 333 2381 hoc
357 2337 400 2380 est
424 2324 510 2379 valde
535 2336 650 2380 certum
668 2323 751 2396 quod
768 2321 892 2395 quilibet
915 2320 993 2396 ignis
1017 2335 1061 2378 est
1084 2321 1174 2396 ignis;
1199 2342 1261 2380 non

177 2429 181 2436 ’
233 2410 462 2470 αοίοῐεηάεηῑεε
486 2411 523 2466 de
545 2408 759 2484 proposicione
783 2408 906 2466 mentali
929 2407 1015 2465 sicud
1040 2411 1162 2469 dictum.

320 2499 407 2554 Unde
430 2497 549 2553 videtur
573 2515 681 2570 magna
710 2496 859 2569 protervia
888 2495 918 2552 in
947 2498 1124 2570 negantibus
1148 2497 1261 2554 formas

276 2603 451 2641 communes
475 2583 505 2639 in
529 2585 648 2640 diversis
671 2583 848 2657 suppositis:
874 2601 907 2640 ex
931 2584 1151 2641 deliberacione
1168 2584 1259 2641 animi

278 2671 369 2728 menti
393 2669 540 2745 contingit
564 2689 601 2726 ne
625 2669 678 2727 tali
703 2669 847 2727 instinctu
871 2670 1012 2742 naturali,
1041 2671 1179 2746 negando
1204 2673 1261 2728 boc

277 2776 340 2814 esse
365 2757 555 2816 manifestum
584 2771 613 2814 et
636 2759 723 2815 valde
751 2771 866 2814 certum
896 2757 927 2814 in
950 2771 1015 2815 toto
1040 2760 1155 2815 mundo
1178 2760 1261 2833 quod

234 2845 402 2919 25quilibet
432 2844 508 2919 ignis
540 2857 585 2901 est
612 2844 700 2921 ignis,
733 2858 762 2901 et
789 2845 864 2900 illud
896 2845 1087 2902 manifestum
1118 2859 1146 2902 et
1175 2847 1261 2902 valde

277 2945 390 2989 certum
417 2932 446 2989 iu
471 2945 537 2989 toto
561 2934 675 2989 mundo
699 2933 780 3006 quod
804 2945 848 2988 est
871 2932 1037 3006 quemlibet
1066 2932 1164 3006 iguem
1196 2950 1261 2989 esse

276 3018 383 3092 ignem,
409 3032 438 3077 et
462 3021 631 3076 communis
654 3018 781 3093 igneitas
805 3018 835 3074 in
857 3021 993 3094 quolibet
1015 3022 1091 3093 igne.

319 3107 437 3182 sicque,
455 3126 524 3164 cum
543 3107 599 3163 boc
615 3109 650 3162 sit
667 3107 754 3163 valde
770 3105 973 3175 manifestum,
997 3120 1025 3164 et
1041 3108 1128 3164 valde
1145 3119 1260 3163 certum
1292 3129 1344 3172 Tho
1360 3131 1423 3173 „mh
1438 3132 1458 3174 ts

276 3206 304 3249 et
329 3195 456 3250 multum
482 3194 603 3250 firmum
629 3192 660 3250 in
684 3206 748 3251 toto
777 3195 903 3266 munde,
931 3194 1012 3268 quod
1040 3193 1156 3269 quilibet
1184 3194 1261 3271 ignis
1283 3182 1425 3278 Un¹¹¹³1¹¹¹²

1323 3235 1404 3278 iversal
1420 3237 1465 3280 lact

236 3295 266 3346 30
275 3291 317 3336 est
340 3281 423 3353 ignis,
447 3282 498 3337 sed
522 3282 605 3355 quod
629 3281 681 3337 iste
704 3280 783 3358 ignis
806 3292 847 3337 est
868 3281 946 3359 ignis
963 3294 1006 3338 est
1022 3294 1137 3338 servate
1153 3294 1258 3337 notum
1309 3288 1336 3349 οξ
1348 3288 1441 3350 Allfire

277 3381 305 3423 et
327 3386 387 3424 non
412 3367 454 3425 sic
478 3367 681 3445 manifestum,
705 3380 819 3424 certum
845 3382 874 3426 et
898 3368 1034 3441 firmum3
1068 3366 1259 3425 manifestum
1287 3341 1460 3438 &diffidi

277 3468 319 3510 est
343 3457 424 3530 quod
449 3454 576 3529 igneitas
600 3454 770 3511 communis
794 3455 883 3530 longe
906 3457 974 3530 plus
999 3455 1169 3513 manifestat
1185 3475 1216 3513 se
1232 3469 1260 3511 et
1279 3447 1462 3551 padiciddhgne

277 3543 419 3600 certificat
443 3561 474 3599 se
497 3561 561 3599 esse
583 3545 666 3616 (quia
690 3541 720 3598 in
744 3555 808 3599 toto
834 3543 969 3618 mundo),
1002 3561 1070 3599 cum
1095 3542 1133 3599 sit
1157 3563 1260 3618 quem·
1306 3534 1470 3612 otspnrspre'

276 3627 348 3686 libet
380 3632 477 3703 ignem
511 3647 575 3686 esse
606 3629 717 3703 ignem,
751 3649 842 3703 quam
881 3628 1008 3704 igneitas
1046 3632 1202 3704 singularis
1230 3648 1261 3686 se
1305 3602 1443 3660 bemgstre.

234 3716 448 3779 35¹manifestat
479 3715 626 3774 obiective
659 3729 688 3773 et
721 3716 867 3774 certificat
899 3736 931 3774 se
963 3735 1037 3777 esse.
1076 3717 1126 3774 Sic
1154 3717 1261 3790 eciam,

278 3821 345 3859 cum
369 3803 407 3859 sit
432 3802 622 3860 manifestum
652 3802 682 3859 in
705 3816 771 3860 toto
796 3805 911 3860 mundo
935 3817 964 3861 et
988 3818 1114 3876 certum,
1143 3824 1204 3862 non
1229 3817 1261 3859 ut
1355 3807 1359 3811 '

277 3892 403 3964 signum,
433 3893 486 3948 sed
513 3905 546 3947 ut
573 3890 726 3947 obiectum
750 3892 904 3965 quoddam
929 3891 1107 3966 primarium
1137 3891 1261 3949 alicuius

277 3977 416 4036 distincte
432 3977 544 4034 noticie
560 3980 642 4052 quod
659 3977 785 4053 quilibet
801 3977 878 4052 ignis
895 3991 939 4035 est
956 3978 1099 4048 calidum,
1124 3979 1261 4035 caliditas

330 4162 349 4205 5.
370 4169 446 4205 menta
465 4163 514 4206 MS.
569 4175 590 4218 7.
610 4164 772 4206 atl'ctausllS.
826 4179 848 4220 9.
868 4164 902 4206 sui
924 4163 973 4206 MS.
1030 4162 1189 4218 ronegarius
1208 4177 1262 4206 con·

276 4213 382 4258 cedentes
396 4215 446 4258 MS.
502 4227 539 4260 22.
554 4218 619 4271 a¹=¹9t
634 4229 661 4260 ne
676 4215 726 4260 MS.

329 4299 369 4337 20.
384 4287 450 4338 This
464 4289 610 4354 paragraph¹
624 4303 710 4340 seems
725 4298 751 4339 to
767 4289 798 4339 be
811 4288 1077 4354 incomprehensible.
1148 4291 1187 4341 30.
1202 4289 1262 4338 Ser·

277 4359 342 4410 vale.
366 4357 481 4423 Perhaps
499 4359 551 4409 this
570 4374 673 4411 means:
699 4360 802 4410 Known
821 4361 847 4408 in
867 4375 898 4409 an
917 4358 1025 4408 inferior
1045 4373 1111 4422 way,
1130 4358 1146 4408 i.
1166 4373 1188 4407 e.
1208 4374 1262 4408 em-

277 4427 402 4493 pirically.
476 4426 515 4479 38.
527 4428 660 4479 Calidum.
680 4430 729 4478 We
748 4429 815 4478 have
833 4429 937 4494 already
951 4437 1004 4477 met
1017 4427 1079 4476 with
1094 4427 1145 4475 this
1159 4438 1262 4492 strange

279 4496 347 4546 form
366 4497 466 4555 several
485 4499 571 4548 times.
591 4499 630 4548 No
649 4498 732 4548 doubt
749 4499 859 4563 aliquod
878 4500 898 4546 is
917 4498 1085 4546 understand.
